<record><leader>00000cas a22000007a 4500</leader><controlfield tag="001">13201811</controlfield><controlfield tag="008">860226d18891913wvuwr ne      0    0eng d</controlfield><datafield ind1=" " ind2=" " tag="010"><subfield code="a">sn 86092285 </subfield></datafield><datafield ind1=" " ind2=" " tag="040"><subfield code="a">WVC</subfield><subfield code="b">eng</subfield><subfield code="c">WVC</subfield><subfield code="d">OCL</subfield><subfield code="d">OCLCQ</subfield></datafield><datafield ind1=" " ind2=" " tag="042"><subfield code="a">msc</subfield></datafield><datafield ind1="0" ind2="0" tag="245"><subfield code="a">Tygart Valley News.</subfield></datafield><datafield ind1=" " ind2=" " tag="260"><subfield code="a">Elkins, W. Va. :</subfield><subfield code="b">News Publ. Co.</subfield></datafield><datafield ind1=" " ind2=" " tag="300"><subfield code="a">v.</subfield></datafield><datafield ind1=" " ind2=" " tag="310"><subfield code="a">Weekly</subfield></datafield><datafield ind1="1" ind2=" " tag="362"><subfield code="a">Began Sept. 13, 1889.</subfield><subfield code="z">Cf. Board of Trade. Elkins, W. Va.</subfield></datafield><datafield ind1="1" ind2=" " tag="362"><subfield code="a">Ceased in 1913?</subfield><subfield code="z">Cf. W. Va. State Gazetteer.</subfield></datafield><datafield ind1=" " ind2=" " tag="500"><subfield code="a">Paper was founded by James A. Bent and Floyd Triplett; the News Publ. Co. was composed of C.M. Marstiller, E.E. Taylor, Blain Taylor and A.F. Wilmoth in 1906.</subfield></datafield><datafield ind1=" " ind2=" " tag="500"><subfield code="a">"Democratic."</subfield></datafield><datafield ind1=" " ind2=" " tag="588"><subfield code="a">Description based on: Vol. 4, no. 1 (Sept. 14, 1892).</subfield></datafield><datafield ind1=" " ind2=" " tag="752"><subfield code="a">United States</subfield><subfield code="b">West Virginia</subfield><subfield code="c">Randolph</subfield><subfield code="d">Elkins.</subfield></datafield></record>